@article{clayton2021synoptic,
  title={{Synoptic mesoscale to basin scale variability in biological productivity and chlorophyll in the Kuroshio Extension region}},
  author={Clayton, Sophie and Palevsky, Hilary I and Thompson, LuAnne and Quay, Paul D},
  journal={Journal of Geophysical Research: Oceans},
  volume={126},
  number={11},
  pages={e2021JC017782},
  year={2021},
  doi={10.1029/2021JC017782},
  publisher={Wiley Online Library}
}

@article{richardson2019vertical,
  title={Vertical distribution of phytoplankton and primary production in relation to nutricline depth in the open ocean},
  author={Richardson, Katherine and Bendtsen, J{\o}rgen},
  journal={Marine Ecology Progress Series},
  volume={620},
  pages={33--46},
  year={2019}
}

@article{clayton2014fine,
  title={{Fine scale phytoplankton community structure across the Kuroshio Front}},
  author={Clayton, Sophie and Nagai, Takeyoshi and Follows, Michael J},
  journal={Journal of Plankton Research},
  volume={36},
  number={4},
  pages={1017--1030},
  year={2014},
  publisher={Oxford University Press}
}

@article{inoue2016western,
  title={{Western North Pacific integrated physical-biogeochemical ocean observation experiment (INBOX): Part 2. Biogeochemical responses to eddies and typhoons revealed from the S1 mooring and shipboard measurements}},
  author={Inoue, Ryuichiro and Honda, Makio C and Fujiki, Tetsuichi and Matsumoto, Kazuhiko and Kouketsu, Shinya and Suga, Toshio and Saino, Toshiro},
  journal={Journal of Marine Research},
  volume={74},
  number={2},
  pages={71--99},
  year={2016},
  publisher={Sears Foundation for Marine Research}
}

@article{bushinsky2018biological,
  title={{Biological and physical controls on the oxygen cycle in the Kuroshio Extension from an array of profiling floats}},
  author={Bushinsky, Seth M and Emerson, Steven R},
  journal={Deep Sea Research Part I: Oceanographic Research Papers},
  volume={141},
  pages={51--70},
  year={2018},
  publisher={Elsevier}
}

@article{maurer2021delayed,
  title={{Delayed-mode quality control of oxygen, nitrate, and pH data on SOCCOM biogeochemical profiling floats}},
  author={Maurer, Tanya L and Plant, Joshua N and Johnson, Kenneth S},
  journal={Frontiers in Marine Science},
  pages={1118},
  year={2021},
  publisher={Frontiers}
}

@article{argo2022,
  title = {{Argo float data and metadata from Global Data Assembly Centre (Argo GDAC) - Snapshot of Argo GDAC of February 10st 2022.}},
  journal = {SEANOE},
  year = {2022},
  author = {Argo},
  doi = {https://doi.org/10.17882/42182#91554}
}

@article{omand2015shape,
  title={The shape of the oceanic nitracline},
  author={Omand, Melissa M and Mahadevan, Amala},
  journal={Biogeosciences},
  volume={12},
  number={11},
  pages={3273--3287},
  year={2015},
  publisher={Copernicus GmbH}
}